<record><leader>00000cas a22000007a 4500</leader><controlfield tag="001">9525481</controlfield><controlfield tag="008">830519c19uu9999aruwr ne      0   a0eng d</controlfield><datafield ind1=" " ind2=" " tag="010"><subfield code="a">sn 83007826 </subfield></datafield><datafield ind1=" " ind2=" " tag="040"><subfield code="a">NSD</subfield><subfield code="b">eng</subfield><subfield code="c">NSD</subfield><subfield code="d">OCLCQ</subfield></datafield><datafield ind1=" " ind2=" " tag="012"><subfield code="m">1</subfield></datafield><datafield ind1="1" ind2=" " tag="022"><subfield code="a">0745-8827</subfield><subfield code="l">0745-8827</subfield><subfield code="2">1</subfield></datafield><datafield ind1=" " ind2=" " tag="032"><subfield code="a">503830</subfield><subfield code="b">USPS</subfield></datafield><datafield ind1=" " ind2=" " tag="042"><subfield code="a">nsdp</subfield></datafield><datafield ind1=" " ind2="0" tag="222"><subfield code="a">Decatur news sentinel</subfield></datafield><datafield ind1="0" ind2="0" tag="245"><subfield code="a">Decatur news sentinel.</subfield></datafield><datafield ind1=" " ind2=" " tag="260"><subfield code="a">[Gentry, AR :</subfield><subfield code="b">Norman J. Spurrier]</subfield></datafield><datafield ind1=" " ind2=" " tag="310"><subfield code="a">Weekly</subfield></datafield><datafield ind1=" " ind2=" " tag="588"><subfield code="a">Description based on: Vol. 4, no. 45 (Wednesday, May 4, 1983); title from caption.</subfield></datafield><datafield ind1=" " ind2=" " tag="936"><subfield code="a">May 4, 1983</subfield></datafield></record>